@misc{sas, title={Artificial Intelligence – What it is and why it matters}, url={https://www.sas.com/en_us/insights/analytics/what-is-artificial-intelligence.html}, journal={SAS}} @misc{britz_2016, 
title={Recurrent Neural Networks Tutorial, Part 1 – Introduction to RNNs}, url={http://www.wildml.com/2015/09/recurrent-neural-networks-tutorial-part-1-introduction-to-rnns/}, journal={WildML}, 
author={Britz, Denny}, year={2016}, month={Jul}} @misc{brownlee_2016, title={Supervised and Unsupervised Machine Learning Algorithms}, 
url={https://machinelearningmastery.com/supervised-and-unsupervised-machine-learning-algorithms/}, journal={Machine Learning Mastery}, author={Brownlee, Jason}, year={2016}, month={Sep}} @misc{kurenkov, 
title={A 'Brief' History of Neural Nets and Deep Learning}, url={http://www.andreykurenkov.com/writing/ai/a-brief-history-of-neural-nets-and-deep-learning/}, journal={Andrey Kurenkov's Web World}, 
author={Kurenkov, Andrey}} @misc{nielsen_a._1970, title={Neural Networks and Deep Learning}, url={http://neuralnetworksanddeeplearning.com/chap1.html}, journal={Neural networks and deep learning}, 
publisher={Determination Press}, author={Nielsen, Michael and A., Michael}, year={1970}, month={Jan}} @misc{sigano, title={Why neural networks?}, 
url={https://www.doc.ic.ac.uk/~nd/surprise_96/journal/vol1/ds12/article1.html}, journal={WHY MOBILE COMPUTING? WHERE CAN IT BE USED?}, author={Sigano, Dimitrios}} @misc{tch_2017, title={The mostly complete 
chart of Neural Networks, explained}, url={https://towardsdatascience.com/the-mostly-complete-chart-of-neural-networks-explained-3fb6f2367464}, journal={Towards Data Science}, publisher={Towards Data 
Science}, author={Tch, Andrew}, year={2017}, month={Aug}} @misc{yan_2016, title={Understanding LSTM and its diagrams – ML Review – Medium}, 
url={https://medium.com/mlreview/understanding-lstm-and-its-diagrams-37e2f46f1714}, journal={medium.com}, publisher={medium}, author={Yan, Shi}, year={2016}, month={Mar}}
@misc{valkov_2017, title={Creating a Neural Network from Scratch - TensorFlow for Hackers (Part IV)}, 
url={https://medium.com/@curiousily/tensorflow-for-hackers-part-iv-neural-network-from-scratch-1a4f504dfa8}, journal={medium.com}, publisher={medium}, author={Valkov, Venelin}, year={2017}, month={May}}
@misc{maladkar_2018, title={6 Types of Artificial Neural Networks Currently Being Used in ML}, 
url={https://www.analyticsindiamag.com/6-types-of-artificial-neural-networks-currently-being-used-in-todays-technology/}, journal={Analytics India Magazine}, author={Maladkar, Kishan}, year={2018}, 
month={Nov}}
@misc{yadav_2019, title={Why dropouts prevent overfitting in Deep Neural Networks}, 
url={https://medium.com/@vivek.yadav/why-dropouts-prevent-overfitting-in-deep-neural-networks-937e2543a701}, journal={Medium}, author={Yadav, Vivek}, year={2019}}
@misc{ruder_2019, title={An overview of gradient descent optimization algorithms}, url={http://ruder.io/optimizing-gradient-descent/index.html#rmsprop}, journal={Sebastian Ruder}, author={Ruder, Sebastian}, year={2019}}
